<record><leader>00000cas a22000007a 4500</leader><controlfield tag="001">16071651</controlfield><controlfield tag="008">870625d18961914iauwr ne      0    0eng d</controlfield><datafield ind1=" " ind2=" " tag="010"><subfield code="a">sn 87058386 </subfield></datafield><datafield ind1=" " ind2=" " tag="040"><subfield code="a">INP</subfield><subfield code="b">eng</subfield><subfield code="c">INP</subfield><subfield code="d">OCLCQ</subfield></datafield><datafield ind1=" " ind2=" " tag="042"><subfield code="a">msc</subfield></datafield><datafield ind1="0" ind2="4" tag="245"><subfield code="a">The Fayette reporter.</subfield></datafield><datafield ind1=" " ind2=" " tag="260"><subfield code="a">Fayette, Iowa :</subfield><subfield code="b">C.F. Paine Pub. Co.,</subfield><subfield code="c">1910-1914.</subfield></datafield><datafield ind1=" " ind2=" " tag="300"><subfield code="a">5 v.</subfield></datafield><datafield ind1=" " ind2=" " tag="310"><subfield code="a">Weekly</subfield></datafield><datafield ind1="0" ind2=" " tag="362"><subfield code="a">Vol. 15, no. 6 (Sept. 15, 1910)-v. 19, no. 12 (Oct. 22, 1914).</subfield></datafield><datafield ind1=" " ind2=" " tag="752"><subfield code="a">United States</subfield><subfield code="b">Iowa</subfield><subfield code="c">Fayette</subfield><subfield code="d">Fayette.</subfield></datafield><datafield ind1="0" ind2="5" tag="780"><subfield code="t">Iowa postal card</subfield><subfield code="w">(DLC)sn 87058387</subfield></datafield><datafield ind1="0" ind2="0" tag="785"><subfield code="t">Fayette County leader (Fayette, Iowa : 1914)</subfield><subfield code="w">(DLC)sn 88059424</subfield><subfield code="w">(OCoLC)16071695</subfield></datafield></record>